<record><leader>00000cas a22000007a 4500</leader><controlfield tag="001">11264523</controlfield><controlfield tag="008">841015d18751880iauwr ne      0    0eng d</controlfield><datafield ind1=" " ind2=" " tag="010"><subfield code="a">sn 84038305 </subfield></datafield><datafield ind1=" " ind2=" " tag="040"><subfield code="a">NPX</subfield><subfield code="b">eng</subfield><subfield code="c">NPX</subfield><subfield code="d">INP</subfield><subfield code="d">NVF</subfield><subfield code="d">OCLCQ</subfield></datafield><datafield ind1=" " ind2=" " tag="042"><subfield code="a">msc</subfield></datafield><datafield ind1=" " ind2=" " tag="043"><subfield code="a">n-us-in</subfield></datafield><datafield ind1="0" ind2=" " tag="130"><subfield code="a">Malvern leader (Malvern, Iowa : 1875)</subfield></datafield><datafield ind1="1" ind2="4" tag="245"><subfield code="a">The Malvern leader.</subfield></datafield><datafield ind1=" " ind2=" " tag="260"><subfield code="a">Malvern, Mills County, Iowa :</subfield><subfield code="b">Leader Print. Co.</subfield></datafield><datafield ind1=" " ind2=" " tag="300"><subfield code="a">v.</subfield></datafield><datafield ind1=" " ind2=" " tag="310"><subfield code="a">Weekly</subfield></datafield><datafield ind1="1" ind2=" " tag="362"><subfield code="a">Began in Sept. 1875; ceased in Nov. 1880.</subfield><subfield code="z">Cf. Bibl. of Iowa newspapers.</subfield></datafield><datafield ind1=" " ind2=" " tag="500"><subfield code="a">"Speak to them, that they go forward."</subfield></datafield><datafield ind1=" " ind2=" " tag="500"><subfield code="a">"Republican," &lt;1876&gt;.</subfield></datafield><datafield ind1=" " ind2=" " tag="500"><subfield code="a">Editors: H.G. Rising, &lt;Dec. 4, 1875&gt;; Korns &amp; Hanley, &lt;1876&gt;.</subfield></datafield><datafield ind1=" " ind2=" " tag="588"><subfield code="a">Description based on: Vol. 1, no. 7 (Nov. 6, 1875).</subfield></datafield><datafield ind1=" " ind2="0" tag="651"><subfield code="a">Malvern (Ind.)</subfield><subfield code="v">Newspapers.</subfield></datafield><datafield ind1=" " ind2=" " tag="752"><subfield code="a">United States</subfield><subfield code="b">Iowa</subfield><subfield code="c">Mills</subfield><subfield code="d">Malvern.</subfield></datafield><datafield ind1="0" ind2="7" tag="785"><subfield code="t">Mills County Republican</subfield><subfield code="w">(DLC)sn 85049676</subfield></datafield><datafield ind1="0" ind2="7" tag="785"><subfield code="t">Malvern Republican leader</subfield><subfield code="w">(DLC)sn 87057429</subfield></datafield><datafield ind1="1" ind2=" " tag="029"><subfield code="a">AU@</subfield><subfield code="b">000020382439</subfield></datafield></record>